
@inproceedings{severyn_unitn_2015,
  address = {Denver, Colorado},
  title = {{{UNITN}}: {{Training Deep Convolutional Neural Network}} for {{Twitter Sentiment Classification}}},
  timestamp = {2015-10-28T07:52:13Z},
  booktitle = {Proceedings of the 9th {{International Workshop}} on {{Semantic Evaluation}} ({{SemEval}})},
  publisher = {{Association for Computational Linguistics}},
  author = {Severyn, Aliaksei and Moschitti, Alessandro},
  month = jun,
  year = {2015},
  pages = {464--469},
  file = {Severyn and Moschitti - 2015 - UNITN Training Deep Convolutional Neural Network .pdf:C\:\\Users\\Steven\\AppData\\Roaming\\Zotero\\storage\\QWT2CMH5\\Severyn and Moschitti - 2015 - UNITN Training Deep Convolutional Neural Network .pdf:application/pdf}
}

@inproceedings{mikolov_distributed_2013,
  title = {Distributed representations of words and phrases and their compositionality},
  timestamp = {2015-07-01T12:12:35Z},
  urldate = {2015-07-01},
  booktitle = {Advances in neural information processing systems},
  author = {Mikolov, Tomas and Sutskever, Ilya and Chen, Kai and Corrado, Greg S. and Dean, Jeff},
  year = {2013},
  pages = {3111--3119},
  file = {Mikolov et al. - 2013 - Distributed representations of words and phrases a.pdf:C\:\\Users\\Steven\\AppData\\Roaming\\Zotero\\storage\\535EA2NA\\Mikolov et al. - 2013 - Distributed representations of words and phrases a.pdf:application/pdf}
}

@article{pang_opinion_2008,
  title = {Opinion mining and sentiment analysis},
  volume = {2},
  timestamp = {2015-03-24T06:42:08Z},
  number = {1-2},
  urldate = {2015-03-24},
  journal = {Foundations and trends in information retrieval},
  author = {Pang, Bo and Lee, Lillian},
  year = {2008},
  pages = {1--135},
  file = {Pang and Lee - 2008 - Opinion mining and sentiment analysis.pdf:C\:\\Users\\Steven\\AppData\\Roaming\\Zotero\\storage\\323UQVUJ\\Pang and Lee - 2008 - Opinion mining and sentiment analysis.pdf:application/pdf}
}

@inproceedings{tang_document_2015,
  title = {Document {{Modeling}} with {{Gated Recurrent Neural Network}} for {{Sentiment Classification}}},
  timestamp = {2015-08-20T14:06:58Z},
  urldate = {2015-08-20},
  author = {Tang, Duyu and Qin, Bing and Liu, Ting},
  year = {2015},
  file = {Tang et al. - 2015 - Document Modeling with Gated Recurrent Neural Netw.pdf:C\:\\Users\\Steven\\AppData\\Roaming\\Zotero\\storage\\STUMCFGE\\Tang et al. - 2015 - Document Modeling with Gated Recurrent Neural Netw.pdf:application/pdf}
}

@inproceedings{socher_recursive_2013,
  title = {Recursive {{Deep Models}} for {{Semantic Compositionality Over}} a {{Sentiment Treebank}}},
  volume = {1631},
  timestamp = {2016-02-22T09:38:58Z},
  urldate = {2015-08-18},
  booktitle = {Proceedings of the conference on empirical methods in natural language processing ({{EMNLP}})},
  publisher = {{Citeseer}},
  author = {Socher, Richard and Perelygin, Alex and Wu, Jean Y. and Chuang, Jason and Manning, Christopher D. and Ng, Andrew Y. and Potts, Christopher},
  year = {2013},
  pages = {1642},
  file = {Socher et al. - 2013 - Recursive deep models for semantic compositionalit.pdf:C\:\\Users\\Steven\\AppData\\Roaming\\Zotero\\storage\\K7SJ6EWE\\Socher et al. - 2013 - Recursive deep models for semantic compositionalit.pdf:application/pdf}
}

@inproceedings{kim_convolutional_2014,
  address = {Doha, Qatar},
  title = {Convolutional {{Neural Networks}} for {{Sentence Classification}}},
  timestamp = {2015-08-20T01:26:39Z},
  booktitle = {Proceedings of the 2014 {{Conference}} on {{Empirical Methods}} in {{Natural Language Processing}} ({{EMNLP}})},
  publisher = {{Association for Computational Linguistics}},
  author = {Kim, Yoon},
  month = oct,
  year = {2014},
  pages = {1746--1751},
  file = {Kim - 2014 - Convolutional Neural Networks for Sentence Classif.pdf:C\:\\Users\\Steven\\AppData\\Roaming\\Zotero\\storage\\QKEM9ABA\\Kim - 2014 - Convolutional Neural Networks for Sentence Classif.pdf:application/pdf}
}

@inproceedings{mohammad_nrc-canada_2013,
  title = {{{NRC-Canada}}: {{Building}} the state-of-the-art in sentiment analysis of tweets},
  volume = {2},
  shorttitle = {{{NRC-Canada}}},
  timestamp = {2015-10-28T07:39:17Z},
  urldate = {2015-09-16},
  booktitle = {Second {{Joint Conference}} on {{Lexical}} and {{Computational Semantics}} (*{{SEM}})},
  author = {Mohammad, Saif M. and Kiritchenko, Svetlana and Zhu, Xiaodan},
  year = {2013},
  pages = {321--327},
  file = {Mohammad et al. - 2013 - NRC-Canada Building the state-of-the-art in senti.pdf:C\:\\Users\\Steven\\AppData\\Roaming\\Zotero\\storage\\FKBAK327\\Mohammad et al. - 2013 - NRC-Canada Building the state-of-the-art in senti.pdf:application/pdf}
}

@inproceedings{le_distributed_2014,
  title = {Distributed representations of sentences and documents},
  timestamp = {2016-02-10T05:39:51Z},
  urldate = {2015-09-16},
  booktitle = {{{arXiv}} preprint {{arXiv}}:1405.4053},
  author = {Le, Quoc V. and Mikolov, Tomas},
  year = {2014},
  file = {Le and Mikolov - 2014 - Distributed representations of sentences and docum.pdf:C\:\\Users\\Steven\\AppData\\Roaming\\Zotero\\storage\\W9BPEJNR\\Le and Mikolov - 2014 - Distributed representations of sentences and docum.pdf:application/pdf}
}

@inproceedings{taddy_document_2015,
  address = {Beijing, China},
  title = {Document {{Classification}} by {{Inversion}} of {{Distributed Language Representations}}},
  timestamp = {2015-09-17T07:23:17Z},
  urldate = {2015-09-17},
  booktitle = {Proceedings of the 53rd {{Annual Meeting}} of the {{Association}} for {{Computational Linguistics}} and the 7th {{International Joint Conference}} on {{Natural Language Processing}} ({{Volume}} 2: {{Short Papers}})},
  publisher = {{Association for Computational Linguistics}},
  author = {Taddy, Matt},
  month = jul,
  year = {2015},
  pages = {45--49},
  file = {Taddy - 2015 - Document Classification by Inversion of Distribute.pdf:C\:\\Users\\Steven\\AppData\\Roaming\\Zotero\\storage\\CBMAT56P\\Taddy - 2015 - Document Classification by Inversion of Distribute.pdf:application/pdf}
}

@inproceedings{rehurek_software_2010,
  address = {Valletta, Malta},
  title = {Software {{Framework}} for {{Topic Modelling}} with {{Large Corpora}}},
  language = {English},
  timestamp = {2015-11-11T20:15:48Z},
  booktitle = {Proceedings of the {{LREC}} 2010 {{Workshop}} on {{New Challenges}} for {{NLP Frameworks}}},
  publisher = {{ELRA}},
  author = {{\v R}eh\r{u}{\v r}ek, Radim and Sojka, Petr},
  month = may,
  year = {2010},
  note = {http://is.muni.cz/publication/884893/en},
  pages = {45--50},
  file = {Řehůřek and Sojka - 2010 - Software Framework for Topic Modelling with Large .pdf:C\:\\Users\\Steven\\AppData\\Roaming\\Zotero\\storage\\VA2W9JSB\\Řehůřek and Sojka - 2010 - Software Framework for Topic Modelling with Large .pdf:application/pdf}
}

@inproceedings{liang_rosemerry_2015,
  address = {Denver, Colorado},
  title = {{{RoseMerry}}: {{A Baseline Message}}-level {{Sentiment Classification System}}},
  timestamp = {2015-10-28T07:39:27Z},
  booktitle = {Proceedings of the 9th {{International Workshop}} on {{Semantic Evaluation}} ({{SemEval}})},
  publisher = {{Association for Computational Linguistics}},
  author = {Liang, Huizhi and Fothergill, Richard and Baldwin, Timothy},
  month = jun,
  year = {2015},
  pages = {551--555},
  file = {Liang et al. - 2015 - RoseMerry A Baseline Message-level Sentiment Clas.pdf:C\:\\Users\\Steven\\AppData\\Roaming\\Zotero\\storage\\7PPQ7S3J\\Liang et al. - 2015 - RoseMerry A Baseline Message-level Sentiment Clas.pdf:application/pdf}
}

@article{fan_liblinear_2008,
  title = {{{LIBLINEAR}}: {{A}} library for large linear classification},
  volume = {9},
  shorttitle = {{{LIBLINEAR}}},
  timestamp = {2015-10-29T02:25:29Z},
  urldate = {2015-10-29},
  journal = {The Journal of Machine Learning Research},
  author = {Fan, Rong-En and Chang, Kai-Wei and Hsieh, Cho-Jui and Wang, Xiang-Rui and Lin, Chih-Jen},
  year = {2008},
  pages = {1871--1874},
  file = {Fan et al. - 2008 - LIBLINEAR A library for large linear classificati.pdf:C\:\\Users\\Steven\\AppData\\Roaming\\Zotero\\storage\\4HS258PU\\Fan et al. - 2008 - LIBLINEAR A library for large linear classificati.pdf:application/pdf}
}

@article{siegelmann_computational_1995,
  title = {On the computational power of neural nets},
  volume = {50},
  timestamp = {2016-02-22T09:32:43Z},
  number = {1},
  urldate = {2015-10-29},
  journal = {Journal of computer and system sciences},
  author = {Siegelmann, Hava T. and Sontag, Eduardo D.},
  year = {1995},
  pages = {132--150},
  file = {Siegelmann and Sontag - 1995 - On the computational power of neural nets.pdf:C\:\\Users\\Steven\\AppData\\Roaming\\Zotero\\storage\\JSQ7A6U8\\Siegelmann and Sontag - 1995 - On the computational power of neural nets.pdf:application/pdf}
}

@inproceedings{zhang_character-level_2015,
  title = {Character-level {{Convolutional Networks}} for {{Text Classification}}},
  timestamp = {2016-02-07T13:28:43Z},
  urldate = {2015-11-05},
  booktitle = {{{arXiv}} preprint {{arXiv}}:1509.01626},
  author = {Zhang, Xiang and Zhao, Junbo and LeCun, Yann},
  year = {2015},
  file = {Zhang et al. - 2015 - Character-level Convolutional Networks for Text Cl.pdf:C\:\\Users\\Steven\\AppData\\Roaming\\Zotero\\storage\\2UR28S9G\\Zhang et al. - 2015 - Character-level Convolutional Networks for Text Cl.pdf:application/pdf}
}


